@inproceedings{ReferenceName,
  title={XXX XXX XXX XXX},
  author={XXXX X. X. and XXXX X. XXXX},
  booktitle={XXXX XXXX},
  year={2020}
}

@article{hannun2017sequence,
  author = {Hannun, Awni},
  title = {Sequence Modeling with CTC},
  journal = {Distill},
  year = {2017},
  note = {https://distill.pub/2017/ctc},
  doi = {10.23915/distill.00008}
}

@inproceedings{geng-etal-2021-fasthan,
  author = {Geng, Zhichao and Yan, Hang and Qiu, Xipeng and Huang, Xuanjing},
  title = {fastHan: A BERT-based Multi-Task Toolkit for Chinese NLP},
  booktitle = {Proceedings of the 59th Annual Meeting of the Association for Computational Linguistics and the 11th International Joint Conference on Natural Language Processing: System Demonstrations},
  year = {2021},
  pages = {99--106}, 
  url = {https://aclanthology.org/2021.acl-demo.12}
}

@inproceedings{han-etal-2019-opennre,
    title = "{O}pen{NRE}: An Open and Extensible Toolkit for Neural Relation Extraction",
    author = "Han, Xu and Gao, Tianyu and Yao, Yuan and Ye, Deming and Liu, Zhiyuan and Sun, Maosong",
    booktitle = "Proceedings of EMNLP-IJCNLP: System Demonstrations",
    year = "2019",
    url = "https://www.aclweb.org/anthology/D19-3029",
    doi = "10.18653/v1/D19-3029",
    pages = "169--174"
}

@inproceedings{xu2017cn,
title={CN-DBpedia: A Never-Ending Chinese Knowledge Extraction System},
author={Xu, Bo and Xu, Yong and Liang, Jiaqing and Xie, Chenhao and Liang, Bin and Cui, Wanyun and Xiao, Yanghua},
booktitle={International Conference on Industrial, Engineering and Other Applications of Applied Intelligent Systems},
pages={428--438},
year={2017},
organization={Springer}
}


@article{软件项目中的可行性分析方法研究,
author={余法红 and 崔华 and 杨开英},
title={ 软件项目中的可行性分析方法研究 },
journal={福建电脑},
year={2007},
volume={},
number={3},
pages={65-66},
month={1},
}